<record><leader>00000cas a2200000 a 4500</leader><controlfield tag="001">4123417</controlfield><controlfield tag="008">780809d19672004wausr ne      0   a0eng c</controlfield><datafield ind1=" " ind2=" " tag="010"><subfield code="a">sn 78006112 </subfield><subfield code="z">  2004252062</subfield></datafield><datafield ind1=" " ind2=" " tag="040"><subfield code="a">HUL</subfield><subfield code="b">eng</subfield><subfield code="c">HUL</subfield><subfield code="d">NSD</subfield><subfield code="d">WAU</subfield><subfield code="d">YOX</subfield><subfield code="d">MGN</subfield><subfield code="d">CLU</subfield><subfield code="d">WAU</subfield><subfield code="d">NSD</subfield><subfield code="d">OCLCQ</subfield><subfield code="d">OCL</subfield><subfield code="d">OCLCQ</subfield><subfield code="d">OCLCF</subfield><subfield code="d">WRJ</subfield><subfield code="d">DLC</subfield><subfield code="d">OCLCO</subfield><subfield code="d">OCL</subfield><subfield code="d">CLU</subfield><subfield code="d">OCLCA</subfield><subfield code="d">WAU</subfield></datafield><datafield ind1=" " ind2=" " tag="012"><subfield code="j">0</subfield><subfield code="k">1</subfield><subfield code="m">d</subfield></datafield><datafield ind1=" " ind2=" " tag="019"><subfield code="a">54938886</subfield></datafield><datafield ind1="1" ind2=" " tag="022"><subfield code="a">0021-678X</subfield><subfield code="l">0021-678X</subfield><subfield code="2">1</subfield></datafield><datafield ind1=" " ind2=" " tag="042"><subfield code="a">nsdp</subfield><subfield code="a">pcc</subfield></datafield><datafield ind1=" " ind2=" " tag="043"><subfield code="a">n-us-wa</subfield></datafield><datafield ind1="1" ind2="4" tag="050"><subfield code="a">F899.S49</subfield><subfield code="b">J5</subfield></datafield><datafield ind1="0" ind2=" " tag="130"><subfield code="a">Jewish transcript (Seattle, Wash. : 1967)</subfield></datafield><datafield ind1=" " ind2="4" tag="222"><subfield code="a">The Jewish transcript</subfield></datafield><datafield ind1="1" ind2="4" tag="245"><subfield code="a">The Jewish transcript.</subfield></datafield><datafield ind1="1" ind2=" " tag="246"><subfield code="i">Issues for &lt;Apr. 2, 2004-&gt; have title:</subfield><subfield code="a">JT news</subfield></datafield><datafield ind1="1" ind2=" " tag="246"><subfield code="i">Some issues have title:</subfield><subfield code="a">JT</subfield></datafield><datafield ind1="1" ind2=" " tag="246"><subfield code="a">Jewish transcript news</subfield></datafield><datafield ind1="1" ind2=" " tag="246"><subfield code="a">JTNews</subfield></datafield><datafield ind1=" " ind2=" " tag="260"><subfield code="a">Seattle, Wash. :</subfield><subfield code="b">Jewish Federation and Council of Greater Seattle</subfield></datafield><datafield ind1=" " ind2=" " tag="300"><subfield code="a">v. :</subfield><subfield code="b">ill. ;</subfield><subfield code="c">45 cm.</subfield></datafield><datafield ind1=" " ind2=" " tag="310"><subfield code="a">Semimonthly</subfield></datafield><datafield ind1="0" ind2=" " tag="362"><subfield code="a">Vol. 36, no. 4 (Nov. 20, 1967)-</subfield></datafield><datafield ind1="1" ind2=" " tag="362"><subfield code="a">Ceased in 2004.</subfield></datafield><datafield ind1=" " ind2=" " tag="530"><subfield code="a">Latest issue also published online via the World Wide Web.</subfield></datafield><datafield ind1=" " ind2=" " tag="550"><subfield code="a">Vols. for &lt;Oct. 10, 1997-&gt; issued by the Jewish Federation of Greater Seattle.</subfield></datafield><datafield ind1=" " ind2=" " tag="588"><subfield code="a">Latest issue consulted: Vol. 80, no. 7 (Apr. 2, 2004) (surrogate).</subfield></datafield><datafield ind1=" " ind2="0" tag="650"><subfield code="a">Jewish newspapers</subfield><subfield code="z">Washington (State)</subfield><subfield code="z">Seattle.</subfield></datafield><datafield ind1=" " ind2="7" tag="650"><subfield code="a">Jewish newspapers.</subfield><subfield code="2">fast</subfield><subfield code="0">(OCoLC)fst00982872</subfield></datafield><datafield ind1=" " ind2="7" tag="651"><subfield code="a">Washington (State)</subfield><subfield code="z">Seattle.</subfield><subfield code="2">fast</subfield><subfield code="0">(OCoLC)fst01204940</subfield></datafield><datafield ind1="2" ind2=" " tag="710"><subfield code="a">Jewish Federation and Council of Greater Seattle.</subfield></datafield><datafield ind1="2" ind2=" " tag="710"><subfield code="a">Jewish Federation of Greater Seattle.</subfield></datafield><datafield ind1=" " ind2=" " tag="752"><subfield code="a">United States</subfield><subfield code="b">Washington</subfield><subfield code="c">King</subfield><subfield code="d">Seattle.</subfield></datafield><datafield ind1="0" ind2="0" tag="780"><subfield code="t">Transcript (Seattle, Wash.)</subfield><subfield code="w">(DLC)sn 92038146</subfield><subfield code="w">(OCoLC)25772744</subfield></datafield><datafield ind1="0" ind2="0" tag="785"><subfield code="t">JT news</subfield><subfield code="x">0021-678X</subfield><subfield code="w">(OCoLC)243490522</subfield></datafield><datafield ind1="4" ind2="1" tag="856"><subfield code="u">http://bibpurl.oclc.org/web/1100</subfield><subfield code="u">http://www.jtnews.net</subfield></datafield><datafield ind1="1" ind2=" " tag="029"><subfield code="a">AU@</subfield><subfield code="b">000023276012</subfield></datafield></record>